@inproceedings{Wu2023a,
  title = {How the {{Great Firewall}} of {{China Detects}} and {{Blocks Fully Encrypted Traffic}}},
  booktitle = {32nd {{USENIX}} Security Symposium ({{USENIX}} Security 23)},
  author = {Wu, Mingshi and Sippe, Jackson and Sivakumar, Danesh and Burg, Jack and Anderson, Peter and Wang, Xiaokang and Bock, Kevin and Houmansadr, Amir and Levin, Dave and Wustrow, Eric},
  year = {2023},
  month = aug,
  pages = {2653--2670},
  publisher = {USENIX Association},
  address = {Anaheim, CA},
  url = {https://www.usenix.org/conference/usenixsecurity23/presentation/wu-mingshi},
  urldate = {2024-02-29},
  isbn = {978-1-939133-37-3},
  langid = {english},
  language = {en},
  file = {/home/jade/Zotero/storage/63LCGF56/Wu et al. - 2023 - How the Great Firewall of China Detects and Blocks.pdf}
}
